@article{rakic2013problems,
  title={Problems in systematic application of software metrics and possible solution},
  author={Rakic, Gordana and Budimac, Zoran},
  journal={arXiv preprint arXiv:1311.3852},
  year={2013}
}

@misc{website:closure-compiler,
  author={Google},
  title={Closure Tools --- Google Developers},
  month={November},
  year={2014},
  url={https://developers.google.com/closure/compiler/}
}

@misc{website:js-complexity,
  author={Booth, Phil and Harlock, Perry},
  title={About complexity | JSComplexity.org},
  month={November},
  year={2014},
  url={http://jscomplexity.org/complexity}
}

